@article{Andrieu2003,
    author = {Andrieu, Christophe and {de Freitas}, Nando and Doucet, Arnaud and Jordan, Michael I.},
    journal = {{Machine Learning}},
    keywords = {{mcmc}},
    month = {{January}},
    number = {1},
    pages = {5--43},
    title = {{An Introduction to MCMC for Machine Learning}},
    volume = {50},
    year = {2003}
}

@article{Vihola2010,
author = "Matti Vihola",
title = "Grapham: Graphical models with adaptive random walk {Metropolis} algorithms",
journal = "Computational Statistics and Data Analysis",
volume = "54",
number = "1",
pages = "49 -- 54",
year = "2010"
}

@article{Saksman2010,
author = "Eero Saksman and Matti Vihola",
title = "On the Ergodicity of the Adaptive {Metropolis} Algorithm on Unbounded Domains",
journal = "Annals of Applied Probability",
volume = "20",
number = "6",
pages = "2178 -- 2203",
year = "2010"
}

@article{Andrieu2006,
     title = {On the Ergodicity Properties of Some Adaptive {MCMC} Algorithms},
     author = {Andrieu, Christophe and Moulines, Eric},
     journal = {The Annals of Applied Probability},
     volume = {16},
     number = {3},
     pages = {1462--1505},
     year = {2006},
     publisher = {Institute of Mathematical Statistics}
    }

@techreport{Andrieu2001,
    author = {Andrieu, Christophe and Robert, Christian},
    title = {{Controlled MCMC for optimal sampling}},
Institution = {Cahiers de Mathematiques du Ceremade, Universite
Paris-Dauphine},
Number = {0125},    
    year = {2001}
}

@inproceedings{im_expert,
  author = "Firas Hamze and Nando de Freitas",
  title = "Intracluster Moves for Constrained Discrete-Space {MCMC}",
  year = "2010",
  booktitle = "Uncertainty in Artificial Intelligence",
}

@article{adaptmcmc_tut,
    author = {Andrieu, Christophe and Thoms, Johannes},
    journal = {Statistics and Computing},
    number = {4},
    pages = {343--373},
    title = {A tutorial on adaptive {MCMC}},
    volume = {18},
    year = {2008}
}

@techreport{bayesopt_tut,
Author = {Eric Brochu and Vlad M. Cora and Nando {de Freitas}},
Institution = {Department of Computer Science, University of British Columbia},
Month = {November},
Number = {TR-2009-23},
Title = {A Tutorial on {B}ayesian Optimization of Expensive Cost
                  Functions, with Application to Active User Modeling
                  and Hierarchical Reinforcement Learning},
Year = {2009}
}

@article{ackley85alearning,
    author = {David H. Ackley and Geoffrey E. Hinton and Terrence J. Sejnowski},
    title = {A learning algorithm for {B}oltzmann machines},
    journal = {Cognitive Science},
    year = {1985},
    volume = {9},
    pages = {147--169}
}

@techreport{atchade_chap,
author = {Yves Atchade and Gersende Fort, Eric Moulines and Pierre
                  Priouret},
title = {Adaptive {Markov} Chain {Monte Carlo: Theory} and Methods},
Institution = {University of Michigan},
year = {2009}
}

@article{ex_adaptmcmc,
    author = {Roberts, Gareth O. and Rosenthal, Jeffrey S.},
    journal = {Journal of Computational and Graphical Statistics},
    number = {2},
    pages = {349--367},
    title = {Examples of adaptive {MCMC}},
    volume = {18},
    year = {2009}
}

@article{Haario2001,
    author = {Haario, Heikki and Saksman, Eero and Tamminen,  Johanna},
    citeulike-article-id = {3753550},
    journal = {Bernoulli},
    keywords = {termstructure-08-12-07},
    number = {2},
    pages = {223--242},
    posted-at = {2008-12-07 17:39:14},
    priority = {0},
    title = {An adaptive {Metropolis} algorithm},
    volume = {7},
    year = {2001}
}

@INCOLLECTION{Gelman95,
 author = "Andrew Gelman and Gareth O. Roberts and Walter R. Gilks",
 title = "Efficient {Metropolis} jumping rules",
 pages = "599",
 EDITOR = "J. M. Bernado and others",
 BOOKTITLE = "Bayesian Statistics ",
 volume = "5",
 PUBLISHER = "OUP ",
 year = "1996"
 }

@book{gpml06,
    author = {Rasmussen, Carl E. and Williams, Christopher},
    booktitle = {Gaussian Processes for Machine Learning},
    publisher = {MIT Press},
    title = {Gaussian Processes for Machine Learning},
    year = {2006}
}

@inproceedings{exp3,
    author = {Auer, Peter and Bianchi, Nicol\`o C. and Freund, Yoav
                  and Schapire, Robert E.},
    booktitle = {Symposium on
                  Foundations of Computer Science},
    pages = {322--331},
    title = {Gambling in a rigged casino: The adversarial multi-armed bandit problem},
    year = {1995}
}
                  
@article{Jones:1993,
	Annote = {This is the paper that introduced the DIRECT algorithm.},
	Author = {David R Jones and C D Perttunen and B E Stuckman},
	Date-Added = {2006-05-30 13:46:20 -0700},
	Date-Modified = {2010-06-07 15:27:52 -0700},
	Journal = {J. Optimization Theory and Apps},
	Keywords = {optimization, DIRECT, fornips},
	Number = {1},
	Pages = {157--181},
	Priority = {3},
	Title = {Lipschitzian Optimization Without the {L}ipschitz Constant},
	Volume = {79},
	Year = {1993}
}

@article{kitagawa,
    author = {Kitagawa, Genshiro},
    journal = {Journal of Computational and Graphical Statistics},
    number = {1},
    pages = {1--25},
    priority = {3},
    publisher = {American Statistical Association, Institute of Mathematical Statistics, and Interface Foundation of America},
    title = {{Monte Carlo Filter and Smoother for Non-Gaussian Nonlinear State Space Models}},
    volume = {5},
    year = {1996}
}
