a@STRING{nips = "NIPS"}
@STRING{jasa = "J. Amer. Stat. Assoc."}
@STRING(uai  = "Uncertainty in Artificial Intelligence")


@article{Ye1998,
     title = {Orthogonal Column {Latin} Hypercubes and Their Application in Computer Experiments},
     author = {Ye, Kenny Q.},
     journal = {Journal of the American Statistical Association},
     volume = {93},
     number = {444},
     pages = {1430--1439},
     year = {1998}
}

@article{Diggle1998,
     title = {Model-Based Geostatistics},
     author = {Diggle, P. J. and Tawn, J. A. and Moyeed, R. A.},
     journal = {Journal of the Royal Statistical Society. Series C (Applied Statistics)},
     volume = {47},
     number = {3},
     pages = {299--350},
     year = {1998}
}

@INPROCEEDINGS{Rubin1998,
        AUTHOR             = {D B Rubin},
        ADDRESS            = {Cambridge, MA},
        PUBLISHER          = {Oxford University Press},
        BOOKTITLE          = {Bayesian Statistics 3},
        EDITOR             = {J M Bernardo and M H {DeGroot} and D V Lindley and A F M Smith},
        PAGES              = {395--402},
        TITLE              = {Using the {SIR} Algorithm to Simulate Posterior Distributions},
        YEAR               = {1988}
}

@inproceedings{Salakhutdinov2008,
  title={On the quantitative analysis of {D}eep {B}elief {N}etworks},
  author={Ruslan Salakhutdinov and Iain Murray},
  booktitle={International Conference on Machine Learning},
  pages={872--879},
  year={2008},
}

@book{Hyvarinen2009,
  author = {A. Hyvarinen and J. Hurri and P.O. Hoyer},
  title = {Natural Image Statistics},                                                               publisher = {Springer}, 
  year = {2009}
}

@Article{Kawasaki1966,
  title = {Diffusion Constants near the Critical Point for Time-Dependent {Ising} Models. I},
  author = {Kawasaki, Kyozi},
  journal = {Phys. Rev.},
  volume = {145},
  number = {1},
  pages = {224--230},
  year = {1966},
  }

@inproceedings(Firas2004,
  author       = "Firas Hamze and Nando de Freitas",
  title        = "From Fields to Trees",
  year         = 2004,
  booktitle    = uai)

@inproceedings(Kueck2005,
  author    = "Hendrik {K\"{u}ck} and Nando de Freitas",
  title     = "Learning about individuals from group statistics",
  booktitle = uai,
  year      = 2005)

@inproceedings{Liu2003,
 author = {J. Liu and J. L. Zhang and M. J. Palumbo and C. E. Lawrence},
 title = {Bayesian clustering with variable and transformation
selection},
 booktitle = {Bayesian Statistics},
 year = {2003},
 pages = {249--275},
 }

@article{Blei2003,
 author = {Blei, David M. and Ng, Andrew Y. and Jordan, Michael I.},
 title = {Latent {Dirichlet} allocation},
 journal = {J. Mach. Learn. Res.},
 volume = {3},
 year = {2003},
 pages = {993--1022},
 }

@inproceedings{Tham2002,
 author = {S. S. Tham and A. Doucet and R. Kotagiri},
 title = {Sparse {Bayesian} Learning for Regression and Classification using {Markov} Chain {Monte Carlo}},
 booktitle = {International Conference on Machine Learning},
 year = {2002},
 pages = {634--641},
 }

@inproceedings{Gore1997,
 author = {Gore, Vivek K. and Jerrum, Mark R.},
 title = {The {Swendsen-Wang} process does not always mix rapidly},
 booktitle = {ACM symposium on Theory of computing},
 year = {1997},
 pages = {674--681},
}

@Article{Swendsen1987,
  title = {Nonuniversal critical dynamics in {Monte Carlo} simulations},
  author = {Swendsen, Robert H. and Wang, Jian-Sheng },
  journal = {Phys. Rev. Lett.},
  volume = {58},
  number = {2},
  pages = {86--88},
  year = {1987},
}

@article{Hadjiagapiou2006,
 author = {I.A. Hadjiagapiou and A. Malakis and S.S. Martinos},
 title = {{Monte Carlo} study of the three-dimensional conserved-order-parameter {Ising} model via finite-size scaling analysis},
 journal = {Rev. Adv. Mater. Sci.},
 volume = {12},
 year = {2006},
 pages = {63--71},
 }

@article{Smolensky1986,
 author = {Smolensky, P.},
 title = {Information processing in dynamical systems: Foundations of harmony theory},
 journal = {Parallel distributed processing: Explorations in the microstructure of cognition, vol. 1: foundations},
 year = {1986},
 pages = {194--281},
 publisher = {MIT Press},
}

@ARTICLE{Ackley1985,
    author = {D. H. Ackley and G. Hinton and T.. Sejnowski},
    title = {A learning algorithm for {Boltzmann} machines},
    journal = {Cognitive Science},
    year = {1985},
    volume = {9},
    pages = {147--169},
}

@article{Larochelle2009,
 author = {Larochelle, H. and Bengio, Y. and Louradour, J. and Lamblin, P.},
 title = {Exploring Strategies for Training Deep Neural Networks},
 journal = {Journal of Machine Learning Research},
 volume = {10},
 year = {2009},
 pages = {1--40},
 }

@INPROCEEDINGS{Marinari1997,
	title={Numerical simulations of spin glass systems},
	author={E. Marinari and G. Parisi and J. J. Ruiz-Lorenzo},
	booktitle={Spin Glasses and Random Fields},
	year={1997}
}

@article{Hinton2006,
  title={{Reducing the dimensionality of data with neural networks}},
  author={Hinton, G.E. and Salakhutdinov, R.R.},
  journal={Science},
  volume={313},
  number={5786},
  pages={504--507},
  year={2006},
}

@article{Younes1989,
  title={{Parametric inference for imperfectly observed {Gibbsian} fields}},
  author={Younes, L.},
  journal={Probability Theory and Related Fields},
  volume={82},
  number={4},
  pages={625--645},
  year={1989},
}

@INPROCEEDINGS{Salakhutdinov2009,
	title={Deep {Boltzmann} Machines},
	author={Salakhutdinov, R. and Hinton, G. E.},
	booktitle={Artificial Intelligence and Statistics},
	year={2009}
}

@ARTICLE{Duane1987,
        AUTHOR             = {S Duane and A D Kennedy and B J Pendleton and D Roweth},
        JOURNAL            = {Physics Letters B},
        NUMBER             = {2},
        PAGES              = {216--222},
        TITLE              = {Hybrid {Monte Carlo}},
        VOLUME             = {195},
        YEAR               = {1987}
}

@article{Kappen1995,
 author = {Kappen, H. J.},
 title = {Deterministic learning rules for {Boltzmann} machines},
 journal = {Neural Networks},
 volume = {8},
 number = {4},
 year = {1995},
 pages = {537--548},
 }

@book(Newman1999,
  author    = "M. Newman and G. Barkema",
  title     = "Monte Carlo Methods in Statistical Physics",
  year      = 1999,
  publisher = "Oxford Univ. Press")

@article(Rosenbluth1955,
  author    = "Marshall N. Rosenbluth and Arianna W. Rosenbluth",
  title     = "{M}onte {C}arlo calculation of the average extension of
               molecular chains",
  journal   = "J. Chem. Phys.",
  year      = 1955,
  volume    = 23,
  issue     = 2,
  pages     = {356--359})

@inproceedings(Heskes2003,
  author    = "Tom Heskes and Kees Albers and Bert Kappen",
  title     = "Approximate inference and constrained optimization",
  year      = 2003,
  volume    = 19,
  pages     = {313-320},
  booktitle = "Uncertainty in Artificial Intelligence")

@incollection(Jerrum1996,
  author    = "Mark Jerrum and Alistair Sinclair",
  title     = "The {M}arkov chain {M}onte {C}arlo method: an approach to
               approximate counting and integration",
  year      = 1996,
  booktitle = "Approximation Algorithms for NP-hard Problems",
  pages     = {482--520},
  publisher = "PWS Pubs.")
% chapter   = 12,
% editor    = "Dorit S. Hochbaum"

@book(Kindermann1980,
  author    = "Ross Kindermann and J. Laurie Snell",
  title     = "Markov Random Fields and their Applications",
  publisher = "Amer. Math. Soc.",
  location  = "Providence, RI",
  year      = 1980)

@article(Besag1972,
  author    = "Julian Besag",
  title     = "Nearest-neighbour systems and the auto-logistic model
               for binary data",
  year      = 1972,
  journal   = "Journal of the Royal Statistical Society, Series B",
  volume    = 34,
  issue     = 1,
  pages     = {75--83})

@article(delMoral2006,
  author    = "Pierre del Moral and Arnaud Doucet and Ajay Jasra",
  title     = "Sequential {M}onte {C}arlo samplers",
  year      = 2006,
  journal   = "J. Roy. Statist. Soc., Ser. B",
  volume    = 68,
  issue     = 3,
  pages     = {411--436})


@article{Blei2003,
  author    = "D. Blei and T. Griffiths and M. Jordan and J. Tenenbaum",
  title     = "Hierarchical topic models and the nested Chinese
               restaurant process",
  journal   = nips,
  volume    = 16,
  year      = 2003}


@inproceedings(Milch2005,
  author    = "Brian Milch and Bhaskara Marthi and Stuart Russell
               and David Sontag and Daniel L. Ong and Andrey Kolobov",
  title     = "{BLOG}: Probabilistic Models with Unknown Objects",
  booktitle = "Intl. Joint Conf. on Artificial Intelligence",
  year      = 2005)

@book(Mackay2003,
  author    = "David J. C. MacKay",
  title     = "Information Theory, Inference, and Learning Algorithms",
  year      = 2003,
  publisher = "Cambridge University Press")

@article(Propp1996,
  author   = "Jim Propp and David B. Wilson",
  title    = "Exact sampling with coupled Markov chains and applications
              to statistical mechanics",
  journal  = "Random Structures and Algorithms",
  year     = 1996,
  volume   = 9,
  pages    = {232-252})

@article(Jarzynski1997,
  author     = "C. Jarzynski",
  title      = "Nonequilibrium equality for free energy differences",
  year       = 1997,
  journal    = "Phys. Rev. Lett.",
  volume     = 78,
  issue      = 14,
  pages      = {2690--2693})

@article(Neal2001,
  author     = "Radford M. Neal",
  title      = "Annealed importance sampling",
  year       = 2001,
  journal    = "Statististics and Computing",
  volume     = 11,
  pages      = {125--139})

@article(Jerrum1989,
  author     = "Mark Jerrum and Alistair Sinclair",
  title      = "Approximating the permanent",
  year       = 1989,
  journal    = "SIAM Journal on Computing",
  volume     = 18,
  issue      = 6,
  pages      = {1149--1178})

@book(Haggstrom2002,
  author      = "Olle H{\"{a}}ggstr{\"{o}}m",
  title       = "Finite Markov chains and algorithmic applications",
  year        = 2002,
  publisher   = "Cambridge University Press")

@article(Hamze2005,
  author  = "Firas Hamze and Nando de Freitas",
  title   = "{H}ot {C}oupling: a particle approach to inference and
             normalization on pairwise undirected graphs",
  journal = "Advances in Neural Information Processing Systems",
  volume  = 18,
  pages   = {491--498},
  year    = 2005)

@article(Liu2003,
  author  = "Jun S. Liu and Junni L. Zhang and Michael J. Palumbo and
             Charles E. Lawrence",
  title   = "Bayesian clustering with variable and transformation
             selections",
  journal = "Bayesian Statistics",
  volume  = 7,
  year    = 2003,
  pages   = {249--275})

@article(Besag1974,
  author  = "Julian Besag",
  title   = "Spatial interaction and the statistical analysis of
             lattice systems",
  journal = "J. Roy. Statist. Soc., Ser. B",
  year    = 1974,
  volume  = 36,
  issue   = 2,
  pages   = {192--236})

@book(Ghosh2003,
  author    = "J. K. Ghosh and R. V. Ramamoorthi",
  title     = "Bayesian Nonparametrics",
  year      = 2003,
  publisher = "Springer-Verlag",
  location  = "New York")

@book{Robert1998,
  author    = {Robert, Christian P. and Casella, George},
  edition   = {1st},
  publisher = {Springer},
  title     = {Monte {Carlo} Statistical Methods},
  year      = {1998}
}

@book{Robert2004,
  author    = {Robert, Christian P. and Casella, George},
  edition   = {2nd},
  publisher = {Springer},
  title     = {Monte {Carlo} Statistical Methods},
  year      = {2004}
}

@incollection{Green2003,
  author    = {Green, Peter J.},
  booktitle = {Highly Structured Stochastic Systems},
  publisher = {Oxford University Press},
  title     = {Trans-dimensional {Markov} chain {Monte} {Carlo}},
  year      = {2003}
}
