@article{duane1987hybrid,
  title={{Hybrid monte carlo}},
  author={Duane, AD and others},
  journal={Physics letters B},
  volume={195},
  number={2},
  pages={216--222},
  issn={0370-2693},
  year={1987},
  publisher={Elsevier}
}

@article{neal2010mcmc,
  title={{MCMC using Hamiltonian dynamics}},
  author={Neal, R.M.},
  journal={Handbook of Markov Chain Monte Carlo},
  year={2010}
}

@article{chen2001exploring,
  title={{Exploring Hybrid Monte Carlo in Bayesian Computation}},
  author={Chen, L. and Qin, Z. and Liu, J.S.},
  journal={sigma},
  volume={2},
  pages={2--5},
  year={2001},
  publisher={Citeseer}
}

@article{andrieu2003introduction,
  title={{An introduction to MCMC for machine learning}},
  author={Andrieu, C. and De Freitas, N. and Doucet, A. and Jordan, M.I.},
  journal={Machine learning},
  volume={50},
  number={1},
  pages={5--43},
  issn={0885-6125},
  year={2003},
  publisher={Springer}
}

@article{girolami2011riemann,
  title={{Riemann manifold Langevin and Hamiltonian Monte Carlo methods}},
  author={Girolami, M. and Calderhead, B.},
  journal={Journal of the Royal Statistical Society: Series B (Statistical Methodology)},
  volume={73},
  number={2},
  pages={123--214},
  issn={1467-9868},
  year={2011},
  publisher={Wiley Online Library}
}

@article{neal2006constructing,
  title={{Constructing efficient MCMC methods using temporary mapping and caching}},
  author={Neal, R.M.},
  journal={slides for a talk. Describes the general idea of using temporary mappings and caching to create new MCMC methods, including short-cut MCMC},
  year={2006},
  publisher={Citeseer}
}

@article{neal1992improved,
  title={{An improved acceptance procedure for the hybrid Monte Carlo algorithm}},
  author={Neal, R.M.},
  journal={Arxiv preprint hep-lat/9208011},
  year={1994}
}

@techreport{kennedy1989theory,
  title={{The theory of hybrid stochastic algorithms}},
  author={Kennedy, AD},
  year={1989},
  institution={Fermi National Accelerator Lab., Batavia, IL (USA); Florida State Univ., Tallahassee, FL (USA). Supercomputer Computations Research Inst.}
}

@article{creutz1988global,
  title={{Global Monte Carlo algorithms for many-fermion systems}},
  author={Creutz, M.},
  journal={Physical Review D},
  volume={38},
  number={4},
  pages={1228},
  year={1988},
  publisher={APS}
}

@article{sexton1992hamiltonian,
  title={{Hamiltonian evolution for the hybrid Monte Carlo algorithm}},
  author={Sexton, JC and Weingarten, DH},
  journal={Nuclear Physics B},
  volume={380},
  number={3},
  pages={665--677},
  issn={0550-3213},
  year={1992},
  publisher={Elsevier}
}

@article{kennedy1991acceptances,
  title={{Acceptances and autocorrelations in hybrid Monte Carlo}},
  author={Kennedy, AD and Pendleton, B.},
  journal={Nuclear Physics B Proceedings Supplements},
  volume={20},
  pages={118--121},
  issn={0920-5632},
  year={1991}
}

@book{leimkuhler2004simulating,
  title={{Simulating hamiltonian dynamics}},
  author={Leimkuhler, B. and Reich, S.},
  volume={14},
  isbn={0521772907},
  year={2004},
  publisher={Cambridge Univ Pr}
}

@article{beskos2010optimal,
  title={{Optimal tuning of the Hybrid Monte-Carlo algorithm}},
  author={Beskos, A. and Pillai, N.S. and Roberts, G.O. and Sanz-Serna, J.M. and Stuart, A.M.},
  journal={Arxiv preprint arXiv:1001.4460},
  year={2010}
}

@article{neal1992improved,
  title={{An improved acceptance procedure for the hybrid Monte Carlo algorithm}},
  author={Neal, R.M.},
  journal={Arxiv preprint hep-lat/9208011},
  year={1992}
}

@article{gupta1988tuning,
  title={{Tuning the hybrid Monte Carlo algorithm}},
  author={Gupta, R. and Kilcup, G.W. and Sharpe, S.R.},
  journal={Physical Review D},
  volume={38},
  number={4},
  pages={1278},
  year={1988},
  publisher={APS}
}

@article{sexton1992hamiltonian,
  title={{Hamiltonian evolution for the hybrid Monte Carlo algorithm}},
  author={Sexton, JC and Weingarten, DH},
  journal={Nuclear Physics B},
  volume={380},
  number={3},
  pages={665--677},
  issn={0550-3213},
  year={1992},
  publisher={Elsevier}
}

@article{zlochin2001manifold,
  title={{Manifold stochastic dynamics for bayesian learning}},
  author={Zlochin, M. and Baram, Y.},
  journal={Neural computation},
  volume={13},
  number={11},
  pages={2549--2572},
  issn={0899-7667},
  year={2001},
  publisher={MIT Press}
}

@article{tuckerman1993efficient,
  title={{Efficient molecular dynamics and hybrid Monte Carlo algorithms for path integrals}},
  author={Tuckerman, M.E. and Berne, B.J. and Martyna, G.J. and Klein, M.L.},
  journal={The Journal of chemical physics},
  volume={99},
  number={4},
  pages={2796},
  issn={0021-9606},
  year={1993}
}

@article{hansmann1996molecular,
  title={{Molecular dynamics, Langevin and hydrid Monte Carlo simulations in a multicanonical ensemble}},
  author={Hansmann, U.H.E. and Okamoto, Y. and Eisenmenger, F.},
  journal={Chemical physics letters},
  volume={259},
  number={3-4},
  pages={321--330},
  issn={0009-2614},
  year={1996},
  publisher={Elsevier}
}

@book{robert2004monte,
  title={{Monte Carlo statistical methods}},
  author={Robert, C.P. and Casella, G.},
  isbn={0387212396},
  year={2004},
  publisher={Springer Verlag}
}

@article{beichl2000metropolis,
  title={{The metropolis algorithm}},
  author={Beichl, I. and Sullivan, F.},
  journal={Computing in Science \& Engineering},
  volume={2},
  number={1},
  pages={65--69},
  issn={0740-7475},
  year={2000},
  publisher={IEEE}
}

@article{mackenzie1989improved,
  title={{An improved hybrid Monte Carlo method}},
  author={Mackenzie, P.B.},
  journal={Physics Letters B},
  volume={226},
  pages={369--371},
  year={1989}
}